<record><leader>00000cas a22000007a 4500</leader><controlfield tag="001">9680369</controlfield><controlfield tag="008">830708d18591864ohuwr ne      0    0eng d</controlfield><controlfield tag="009">3783</controlfield><datafield ind1=" " ind2=" " tag="010"><subfield code="a">sn 83035321 </subfield></datafield><datafield ind1=" " ind2=" " tag="040"><subfield code="a">NPY</subfield><subfield code="b">eng</subfield><subfield code="c">NPY</subfield><subfield code="d">NPX</subfield><subfield code="d">ONP</subfield></datafield><datafield ind1="1" ind2=" " tag="029"><subfield code="a">AU@</subfield><subfield code="b">000025840602</subfield></datafield><datafield ind1=" " ind2=" " tag="042"><subfield code="a">msc</subfield></datafield><datafield ind1="0" ind2="4" tag="245"><subfield code="a">The Southern Ohio Argus.</subfield></datafield><datafield ind1=" " ind2=" " tag="260"><subfield code="a">Georgetown, Ohio :</subfield><subfield code="b">John G. Doren,</subfield><subfield code="c">1859-1864.</subfield></datafield><datafield ind1=" " ind2=" " tag="300"><subfield code="a">v. ;</subfield><subfield code="c">60 cm.</subfield></datafield><datafield ind1=" " ind2=" " tag="310"><subfield code="a">Weekly</subfield></datafield><datafield ind1="0" ind2=" " tag="362"><subfield code="a">New ser., v. 1, no. 7 (Oct. 6, 1859)-v. 5, no. 47 (July 6, 1864) = v. 5, no. 229-v. 8, no. 483.</subfield></datafield><datafield ind1=" " ind2=" " tag="500"><subfield code="a">Editors: John G. Doren, H.H. Doren, L.E. Doren, &lt;1859&gt;.</subfield></datafield><datafield ind1=" " ind2=" " tag="500"><subfield code="a">Publishers: John G. Doren, 1859-1864; L.B. Leeds, 1864.</subfield></datafield><datafield ind1=" " ind2=" " tag="500"><subfield code="a">"Democratic ... opposed to Negro equality and Negro voting," &lt;1860&gt;.</subfield></datafield><datafield ind1=" " ind2=" " tag="752"><subfield code="a">United States</subfield><subfield code="b">Ohio</subfield><subfield code="c">Brown</subfield><subfield code="d">Georgetown.</subfield></datafield><datafield ind1="0" ind2="4" tag="780"><subfield code="t">Democratic standard (Georgetown, Ohio : 1858)</subfield><subfield code="w">(DLC)sn 83035320</subfield></datafield><datafield ind1="0" ind2="4" tag="780"><subfield code="t">Brown County Democrat (Georgetown, Ohio : 1855)</subfield><subfield code="w">(DLC)sn 83035319</subfield></datafield><datafield ind1="0" ind2="0" tag="785"><subfield code="t">Brown County news</subfield><subfield code="w">(DLC)sn 83035322</subfield></datafield></record>